
@article {Nase99, 
author = {Nasell, I.},
year = {1999},
title = {On the time to extinction in recurrent epidemics},
journal = {J. R. Stat. Soc. Ser. B-Stat. Methodol.},
volume = {61},
pages = {309--330}}

@article {LloySchr05, 
author = {Lloyd-Smith, J. O. and Schreiber, S. J. and Kopp, P. E. and Getz,
W. M.},
year = {2005},
title = {Superspreading and the effect of individual variation
on disease emergence},
journal = {Nature},
volume = {438},
pages = {355--359}}

@book {HethYork84, 
author = {H. W. Hethcote and J. A. Yorke},
year = {1984},
title = {Gonorrhea Transmission Dynamics and Control},
address = {Berlin},
publisher = {Springer-Verlag}}

@article {Dush99, 
author = {Dushoff, J.},
year = {1999},
title = {Host heterogeneity and disease endemicity:
A moment-based approach},
journal = {Theor. Popul. Biol.},
volume = {56},
pages = {325--335}}

@book {BermPlem79, 
author = {A. Berman and R. Plemmons},
year = {1979},
title = {Nonnnegative Matrices in the Mathematical Sciences},
address = {New York},
publisher = {Academic Press}}

@article {Gill76, 
author = {Gillespie, D. T.},
year = {1976},
title = {A general method for numerically simulating the stochastic time
evolution of coupled chemical reactions},
journal = {J. Comput.  Phys.},
volume = {22},
pages = {403-434}}

@article {BansGren07, 
author = {Bansal, S.  and Grenfell, B. T.  and Meyers, L. A.},
year = {2007},
title = {When
individual behaviour matters: homogeneous and network models in
epidemiology},
journal = {J. R. Soc. Interface},
volume = {4},
pages = {879-91}}

@article {Bart61, 
author = {Bartlett, M. S.},
year = {1961},
title = {Monte Carlo Studies in Ecology and Epidemiology},
journal = {Proc. Fourth Berkeley Symp. on Math. Statist. and Prob.},
volume = {4},
pages = {39-55}}

@article {Rile07, 
author = {Riley, S.},
year = {2007},
title = {Large-scale spatial-transmission models of
infectious disease},
journal = {Science},
volume = {316},
pages = {1298-301}}

@article {Leig81, 
author = {Leigh, Jr., Egbert G.},
year = {1981},
title = {The Average Lifetime of a Population in a Varying Environment},
journal = {J. Theor. Biol.},
volume = {90},
pages = {213-239}}

@article {Dush00, 
author = {Dushoff, J.},
year = {2000},
title = {Carrying capacity and demographic
stochasticity: Scaling behavior of the stochastic logistic model},
journal = {Theor. Popul. Biol.},
volume = {57},
pages = {59--65}}

@book {AndeMay91, 
author = {Roy M. Anderson and Robert M. May},
year = {1991},
title = {Infectious Diseases of Humans:  Dynamics and Control},
address = {Oxford},
publisher = {Oxford Science Publications}}

@book {AlleBook, 
author = {Allen, L. J. S.},
year = {2003},
title = {An Introduction to Stochastic Processes with Applications to Biology},
address = {New Jersey},
publisher = {Prentice Hall}}

@book {Bail75, 
author = {Bailey, N. J. T.},
year = {1975},
title = {The Mathematical Theory of Infectious Diseases and its Application},
address = {London},
publisher = {Griffin}}

@article {Bart57, 
author = {M. S. Bartlett},
year = {1957},
title = {Measles Periodicity and Community Size},
journal = {J. Roy. Stat. Soc.},
volume = {A120},
pages = {48--70}}

